
@Booklet{2014,
  title         = {OpenFOAM the Open Source CFD Toolbox: User guide, version 2.3.0},
  year          = {2014},
  date-added    = {2014-11-06 08:24:56 am +0000},
  date-modified = {2014-11-06 08:25:55 am +0000},
  rating        = {4},
  read          = {1},
}

@Article{Pattinson2013,
  author        = {Pattinson, J. and Lowenberg, M. H. and Goman, M. G.},
  title         = {Investigation of Poststall Pitch Oscillations of an Aircraft Wind-Tunnel Model},
  journal       = {Journal of aircraft},
  year          = {2013},
  volume        = {50},
  number        = {6},
  pages         = {1843-1855},
  month         = {November-December},
  date-added    = {2015-01-11 09:06:45 pm +0000},
  date-modified = {2015-01-11 09:06:45 pm +0000},
  rating        = {5},
  read          = {1},
}

@InCollection{Jategaonkar2006,
  author        = {Jategaonkar, R. V.},
  title         = {Flight vehicle system identification: a time domain methodology},
  booktitle     = {Progress in Astronautics and Aeronautics},
  publisher     = {AIAA},
  year          = {2006},
  date-added    = {2014-11-06 08:16:38 am +0000},
  date-modified = {2014-11-07 04:10:12 pm +0000},
  rating        = {5},
  read          = {1},
}
%% This BibTeX bibliography file was created using BibDesk.
%% http://bibdesk.sourceforge.net/


%% Created for Jie Cheng at 2015-01-27 03:13:21 pm +0000


%% Saved with string encoding Unicode (UTF-8)

@Article{黄贤禄2002,
  author        = {黄贤禄 and 阎超 and 陈靓 and 龙尧松},
  title         = {多翼导弹复杂流场及气动力的数值计算},
  journal       = {北京航空航天大学学报},
  year          = {2002},
  volume        = {28},
  number        = {4},
  pages         = {395-398},
  date-added    = {2015-01-27 02:37:44 pm +0000},
  date-modified = {2015-01-27 03:13:21 pm +0000},
  lang          = {chinese},
  rating        = {3},
  read          = {1},
}

@Article{Goman1994,
  author        = {Goman, M. and Khrabrov, A.},
  title         = {State-Space Representation of Aerodynamic Characteristics of an Aircraft at High Angles of Attack},
  journal       = {Journal of Aircraft},
  year          = {1994},
  volume        = {31},
  number        = {5},
  pages         = {1109-1115},
  date-added    = {2014-11-05 10:02:33 pm +0000},
  date-modified = {2015-01-11 09:39:48 pm +0000},
  rating        = {5},
  read          = {1},
}

@TechReport{McCroskey1981,
  author        = {McCroskey, W. J.},
  title         = {The Phenomenon of Dynamic Stall},
  institution   = {NASA Technical Memorandum 81264},
  year          = {1981},
  date-added    = {2014-11-05 09:35:52 am +0000},
  date-modified = {2014-11-07 03:44:08 pm +0000},
  rating        = {4},
  read          = {1},
}

@Conference{Fromme1979,
  author        = {Fromme, J. A. and Golberg, M. A.},
  title         = {Computation of Aerodynamic Interference Effects on Oscillating Airfoils with Controls in Ventilated Subsonic Wind Tunnels},
  booktitle     = {17th Aerospace Sciences Meeting},
  year          = {1979},
  address       = {New Orleans, US},
  organization  = {AIAA},
  date-added    = {2014-11-05 09:51:51 am +0000},
  date-modified = {2014-11-07 03:53:41 pm +0000},
  rating        = {2},
  read          = {1},
}
